%YAML 1.1
%TAG !u! tag:unity3d.com,2011:
--- !u!1 &319491969058495847
GameObject:
  m_ObjectHideFlags: 0
  m_CorrespondingSourceObject: {fileID: 0}
  m_PrefabInstance: {fileID: 0}
  m_PrefabAsset: {fileID: 0}
  serializedVersion: 6
  m_Component:
  - component: {fileID: 6853806984967955689}
  - component: {fileID: 3894137009549941305}
  m_Layer: 0
  m_Name: Building 4 (1)
  m_TagString: Untagged
  m_Icon: {fileID: 0}
  m_NavMeshLayer: 0
  m_StaticEditorFlags: 0
  m_IsActive: 1
--- !u!4 &6853806984967955689
Transform:
  m_ObjectHideFlags: 0
  m_CorrespondingSourceObject: {fileID: 0}
  m_PrefabInstance: {fileID: 0}
  m_PrefabAsset: {fileID: 0}
  m_GameObject: {fileID: 319491969058495847}
  m_LocalRotation: {x: -0, y: -0, z: -0, w: 1}
  m_LocalPosition: {x: 5.56, y: -11.99, z: 0}
  m_LocalScale: {x: 1, y: 1, z: 1}
  m_ConstrainProportionsScale: 0
  m_Children: []
  m_Father: {fileID: 2801574471213015261}
  m_RootOrder: 14
  m_LocalEulerAnglesHint: {x: 0, y: 0, z: 0}
--- !u!212 &3894137009549941305
SpriteRenderer:
  m_ObjectHideFlags: 0
  m_CorrespondingSourceObject: {fileID: 0}
  m_PrefabInstance: {fileID: 0}
  m_PrefabAsset: {fileID: 0}
  m_GameObject: {fileID: 319491969058495847}
  m_Enabled: 1
  m_CastShadows: 0
  m_ReceiveShadows: 0
  m_DynamicOccludee: 1
  m_StaticShadowCaster: 0
  m_MotionVectors: 1
  m_LightProbeUsage: 1
  m_ReflectionProbeUsage: 1
  m_RayTracingMode: 0
  m_RayTraceProcedural: 0
  m_RenderingLayerMask: 1
  m_RendererPriority: 0
  m_Materials:
  - {fileID: 10754, guid: 0000000000000000f000000000000000, type: 0}
  m_StaticBatchInfo:
    firstSubMesh: 0
    subMeshCount: 0
  m_StaticBatchRoot: {fileID: 0}
  m_ProbeAnchor: {fileID: 0}
  m_LightProbeVolumeOverride: {fileID: 0}
  m_ScaleInLightmap: 1
  m_ReceiveGI: 1
  m_PreserveUVs: 0
  m_IgnoreNormalsForChartDetection: 0
  m_ImportantGI: 0
  m_StitchLightmapSeams: 1
  m_SelectedEditorRenderState: 0
  m_MinimumChartSize: 4
  m_AutoUVMaxDistance: 0.5
  m_AutoUVMaxAngle: 89
  m_LightmapParameters: {fileID: 0}
  m_SortingLayerID: 0
  m_SortingLayer: 0
  m_SortingOrder: 1
  m_Sprite: {fileID: 21300000, guid: 26470cae13eea484dabcfb1c84e28918, type: 3}
  m_Color: {r: 1, g: 1, b: 1, a: 1}
  m_FlipX: 0
  m_FlipY: 0
  m_DrawMode: 0
  m_Size: {x: 12.65, y: 10.44}
  m_AdaptiveModeThreshold: 0.5
  m_SpriteTileMode: 0
  m_WasSpriteAssigned: 1
  m_MaskInteraction: 0
  m_SpriteSortPoint: 0
--- !u!1 &2086998965682507867
GameObject:
  m_ObjectHideFlags: 0
  m_CorrespondingSourceObject: {fileID: 0}
  m_PrefabInstance: {fileID: 0}
  m_PrefabAsset: {fileID: 0}
  serializedVersion: 6
  m_Component:
  - component: {fileID: 4259734967221281550}
  - component: {fileID: 2216481151034966422}
  m_Layer: 0
  m_Name: Building 1
  m_TagString: Untagged
  m_Icon: {fileID: 0}
  m_NavMeshLayer: 0
  m_StaticEditorFlags: 0
  m_IsActive: 1
--- !u!4 &4259734967221281550
Transform:
  m_ObjectHideFlags: 0
  m_CorrespondingSourceObject: {fileID: 0}
  m_PrefabInstance: {fileID: 0}
  m_PrefabAsset: {fileID: 0}
  m_GameObject: {fileID: 2086998965682507867}
  m_LocalRotation: {x: -0, y: -0, z: -0, w: 1}
  m_LocalPosition: {x: 7.42, y: 7.96, z: 0}
  m_LocalScale: {x: 1, y: 1, z: 1}
  m_ConstrainProportionsScale: 0
  m_Children: []
  m_Father: {fileID: 2801574471213015261}
  m_RootOrder: 10
  m_LocalEulerAnglesHint: {x: 0, y: 0, z: 0}
--- !u!212 &2216481151034966422
SpriteRenderer:
  m_ObjectHideFlags: 0
  m_CorrespondingSourceObject: {fileID: 0}
  m_PrefabInstance: {fileID: 0}
  m_PrefabAsset: {fileID: 0}
  m_GameObject: {fileID: 2086998965682507867}
  m_Enabled: 1
  m_CastShadows: 0
  m_ReceiveShadows: 0
  m_DynamicOccludee: 1
  m_StaticShadowCaster: 0
  m_MotionVectors: 1
  m_LightProbeUsage: 1
  m_ReflectionProbeUsage: 1
  m_RayTracingMode: 0
  m_RayTraceProcedural: 0
  m_RenderingLayerMask: 1
  m_RendererPriority: 0
  m_Materials:
  - {fileID: 10754, guid: 0000000000000000f000000000000000, type: 0}
  m_StaticBatchInfo:
    firstSubMesh: 0
    subMeshCount: 0
  m_StaticBatchRoot: {fileID: 0}
  m_ProbeAnchor: {fileID: 0}
  m_LightProbeVolumeOverride: {fileID: 0}
  m_ScaleInLightmap: 1
  m_ReceiveGI: 1
  m_PreserveUVs: 0
  m_IgnoreNormalsForChartDetection: 0
  m_ImportantGI: 0
  m_StitchLightmapSeams: 1
  m_SelectedEditorRenderState: 0
  m_MinimumChartSize: 4
  m_AutoUVMaxDistance: 0.5
  m_AutoUVMaxAngle: 89
  m_LightmapParameters: {fileID: 0}
  m_SortingLayerID: 0
  m_SortingLayer: 0
  m_SortingOrder: 0
  m_Sprite: {fileID: 21300000, guid: 1ed4c98400bd3aa479f8921efd0bc52b, type: 3}
  m_Color: {r: 1, g: 1, b: 1, a: 1}
  m_FlipX: 0
  m_FlipY: 0
  m_DrawMode: 0
  m_Size: {x: 10.25, y: 7.78}
  m_AdaptiveModeThreshold: 0.5
  m_SpriteTileMode: 0
  m_WasSpriteAssigned: 1
  m_MaskInteraction: 0
  m_SpriteSortPoint: 0
--- !u!1 &2801574469859802709
GameObject:
  m_ObjectHideFlags: 0
  m_CorrespondingSourceObject: {fileID: 0}
  m_PrefabInstance: {fileID: 0}
  m_PrefabAsset: {fileID: 0}
  serializedVersion: 6
  m_Component:
  - component: {fileID: 2801574469859802706}
  m_Layer: 0
  m_Name: Ground
  m_TagString: Untagged
  m_Icon: {fileID: 0}
  m_NavMeshLayer: 0
  m_StaticEditorFlags: 0
  m_IsActive: 1
--- !u!4 &2801574469859802706
Transform:
  m_ObjectHideFlags: 0
  m_CorrespondingSourceObject: {fileID: 0}
  m_PrefabInstance: {fileID: 0}
  m_PrefabAsset: {fileID: 0}
  m_GameObject: {fileID: 2801574469859802709}
  m_LocalRotation: {x: -0, y: -0, z: -0, w: 1}
  m_LocalPosition: {x: 0, y: -0.01212484, z: 0}
  m_LocalScale: {x: 0.33333334, y: 0.24744573, z: 0.33333334}
  m_ConstrainProportionsScale: 0
  m_Children: []
  m_Father: {fileID: 2801574471310231496}
  m_RootOrder: 0
  m_LocalEulerAnglesHint: {x: 0, y: 0, z: 0}
--- !u!1 &2801574470139037987
GameObject:
  m_ObjectHideFlags: 0
  m_CorrespondingSourceObject: {fileID: 0}
  m_PrefabInstance: {fileID: 0}
  m_PrefabAsset: {fileID: 0}
  serializedVersion: 6
  m_Component:
  - component: {fileID: 2801574470139037984}
  m_Layer: 0
  m_Name: Platforms
  m_TagString: Untagged
  m_Icon: {fileID: 0}
  m_NavMeshLayer: 0
  m_StaticEditorFlags: 0
  m_IsActive: 1
--- !u!4 &2801574470139037984
Transform:
  m_ObjectHideFlags: 0
  m_CorrespondingSourceObject: {fileID: 0}
  m_PrefabInstance: {fileID: 0}
  m_PrefabAsset: {fileID: 0}
  m_GameObject: {fileID: 2801574470139037987}
  m_LocalRotation: {x: 0, y: 0, z: 0, w: 1}
  m_LocalPosition: {x: 0, y: 0, z: 0}
  m_LocalScale: {x: 1, y: 1, z: 1}
  m_ConstrainProportionsScale: 0
  m_Children:
  - {fileID: 2801574470906931385}
  m_Father: {fileID: 2801574471213015261}
  m_RootOrder: 1
  m_LocalEulerAnglesHint: {x: 0, y: 0, z: 0}
--- !u!1 &2801574470906931387
GameObject:
  m_ObjectHideFlags: 0
  m_CorrespondingSourceObject: {fileID: 0}
  m_PrefabInstance: {fileID: 0}
  m_PrefabAsset: {fileID: 0}
  serializedVersion: 6
  m_Component:
  - component: {fileID: 2801574470906931385}
  - component: {fileID: 2801574470906931384}
  m_Layer: 0
  m_Name: end_road
  m_TagString: Untagged
  m_Icon: {fileID: 0}
  m_NavMeshLayer: 0
  m_StaticEditorFlags: 0
  m_IsActive: 1
--- !u!4 &2801574470906931385
Transform:
  m_ObjectHideFlags: 0
  m_CorrespondingSourceObject: {fileID: 0}
  m_PrefabInstance: {fileID: 0}
  m_PrefabAsset: {fileID: 0}
  m_GameObject: {fileID: 2801574470906931387}
  m_LocalRotation: {x: -0, y: -0, z: -0, w: 1}
  m_LocalPosition: {x: 0, y: -4.09, z: 0}
  m_LocalScale: {x: 1, y: 1, z: 1}
  m_ConstrainProportionsScale: 0
  m_Children: []
  m_Father: {fileID: 2801574470139037984}
  m_RootOrder: 0
  m_LocalEulerAnglesHint: {x: 0, y: 0, z: 0}
--- !u!212 &2801574470906931384
SpriteRenderer:
  m_ObjectHideFlags: 0
  m_CorrespondingSourceObject: {fileID: 0}
  m_PrefabInstance: {fileID: 0}
  m_PrefabAsset: {fileID: 0}
  m_GameObject: {fileID: 2801574470906931387}
  m_Enabled: 1
  m_CastShadows: 0
  m_ReceiveShadows: 0
  m_DynamicOccludee: 1
  m_StaticShadowCaster: 0
  m_MotionVectors: 1
  m_LightProbeUsage: 1
  m_ReflectionProbeUsage: 1
  m_RayTracingMode: 0
  m_RayTraceProcedural: 0
  m_RenderingLayerMask: 1
  m_RendererPriority: 0
  m_Materials:
  - {fileID: 10754, guid: 0000000000000000f000000000000000, type: 0}
  m_StaticBatchInfo:
    firstSubMesh: 0
    subMeshCount: 0
  m_StaticBatchRoot: {fileID: 0}
  m_ProbeAnchor: {fileID: 0}
  m_LightProbeVolumeOverride: {fileID: 0}
  m_ScaleInLightmap: 1
  m_ReceiveGI: 1
  m_PreserveUVs: 0
  m_IgnoreNormalsForChartDetection: 0
  m_ImportantGI: 0
  m_StitchLightmapSeams: 1
  m_SelectedEditorRenderState: 0
  m_MinimumChartSize: 4
  m_AutoUVMaxDistance: 0.5
  m_AutoUVMaxAngle: 89
  m_LightmapParameters: {fileID: 0}
  m_SortingLayerID: 0
  m_SortingLayer: 0
  m_SortingOrder: 0
  m_Sprite: {fileID: 21300000, guid: 4d4227a39d3821d419bbc5bc7a6087b2, type: 3}
  m_Color: {r: 1, g: 1, b: 1, a: 1}
  m_FlipX: 0
  m_FlipY: 0
  m_DrawMode: 0
  m_Size: {x: 5.39, y: 0.4526758}
  m_AdaptiveModeThreshold: 0.5
  m_SpriteTileMode: 0
  m_WasSpriteAssigned: 1
  m_MaskInteraction: 0
  m_SpriteSortPoint: 0
--- !u!1 &2801574471213015260
GameObject:
  m_ObjectHideFlags: 0
  m_CorrespondingSourceObject: {fileID: 0}
  m_PrefabInstance: {fileID: 0}
  m_PrefabAsset: {fileID: 0}
  serializedVersion: 6
  m_Component:
  - component: {fileID: 2801574471213015261}
  m_Layer: 0
  m_Name: 3 Gates
  m_TagString: Untagged
  m_Icon: {fileID: 0}
  m_NavMeshLayer: 0
  m_StaticEditorFlags: 0
  m_IsActive: 1
--- !u!4 &2801574471213015261
Transform:
  m_ObjectHideFlags: 0
  m_CorrespondingSourceObject: {fileID: 0}
  m_PrefabInstance: {fileID: 0}
  m_PrefabAsset: {fileID: 0}
  m_GameObject: {fileID: 2801574471213015260}
  m_LocalRotation: {x: 0, y: 0, z: 0, w: 1}
  m_LocalPosition: {x: 0, y: 0, z: 0}
  m_LocalScale: {x: 1, y: 1, z: 1}
  m_ConstrainProportionsScale: 0
  m_Children:
  - {fileID: 2801574471310231496}
  - {fileID: 2801574470139037984}
  - {fileID: 7577920244958815885}
  - {fileID: 2083016741162418380}
  - {fileID: 7861063671897452003}
  - {fileID: 965381310062372791}
  - {fileID: 7758869808897896921}
  - {fileID: 4719968316380125541}
  - {fileID: 5006360440870594122}
  - {fileID: 5026323628367406003}
  - {fileID: 4259734967221281550}
  - {fileID: 5748682792632335999}
  - {fileID: 8004661396405128449}
  - {fileID: 1947831140694664528}
  - {fileID: 6853806984967955689}
  m_Father: {fileID: 0}
  m_RootOrder: 0
  m_LocalEulerAnglesHint: {x: 0, y: 0, z: 0}
--- !u!1 &2801574471310231498
GameObject:
  m_ObjectHideFlags: 0
  m_CorrespondingSourceObject: {fileID: 0}
  m_PrefabInstance: {fileID: 0}
  m_PrefabAsset: {fileID: 0}
  serializedVersion: 6
  m_Component:
  - component: {fileID: 2801574471310231496}
  - component: {fileID: 2801574471310231499}
  - component: {fileID: 1013600563955103133}
  - component: {fileID: 5590315009298254140}
  - component: {fileID: 957871216766083645}
  - component: {fileID: 5476569608710751897}
  - component: {fileID: 3633822677487699266}
  m_Layer: 0
  m_Name: BG
  m_TagString: Untagged
  m_Icon: {fileID: 0}
  m_NavMeshLayer: 0
  m_StaticEditorFlags: 0
  m_IsActive: 1
--- !u!4 &2801574471310231496
Transform:
  m_ObjectHideFlags: 0
  m_CorrespondingSourceObject: {fileID: 0}
  m_PrefabInstance: {fileID: 0}
  m_PrefabAsset: {fileID: 0}
  m_GameObject: {fileID: 2801574471310231498}
  m_LocalRotation: {x: -0, y: -0, z: -0, w: 1}
  m_LocalPosition: {x: 0, y: 0.049, z: 0}
  m_LocalScale: {x: 3, y: 4.0412903, z: 3}
  m_ConstrainProportionsScale: 0
  m_Children:
  - {fileID: 2801574469859802706}
  m_Father: {fileID: 2801574471213015261}
  m_RootOrder: 0
  m_LocalEulerAnglesHint: {x: 0, y: 0, z: 0}
--- !u!212 &2801574471310231499
SpriteRenderer:
  m_ObjectHideFlags: 0
  m_CorrespondingSourceObject: {fileID: 0}
  m_PrefabInstance: {fileID: 0}
  m_PrefabAsset: {fileID: 0}
  m_GameObject: {fileID: 2801574471310231498}
  m_Enabled: 1
  m_CastShadows: 0
  m_ReceiveShadows: 0
  m_DynamicOccludee: 1
  m_StaticShadowCaster: 0
  m_MotionVectors: 1
  m_LightProbeUsage: 1
  m_ReflectionProbeUsage: 1
  m_RayTracingMode: 0
  m_RayTraceProcedural: 0
  m_RenderingLayerMask: 1
  m_RendererPriority: 0
  m_Materials:
  - {fileID: 10754, guid: 0000000000000000f000000000000000, type: 0}
  m_StaticBatchInfo:
    firstSubMesh: 0
    subMeshCount: 0
  m_StaticBatchRoot: {fileID: 0}
  m_ProbeAnchor: {fileID: 0}
  m_LightProbeVolumeOverride: {fileID: 0}
  m_ScaleInLightmap: 1
  m_ReceiveGI: 1
  m_PreserveUVs: 0
  m_IgnoreNormalsForChartDetection: 0
  m_ImportantGI: 0
  m_StitchLightmapSeams: 1
  m_SelectedEditorRenderState: 0
  m_MinimumChartSize: 4
  m_AutoUVMaxDistance: 0.5
  m_AutoUVMaxAngle: 89
  m_LightmapParameters: {fileID: 0}
  m_SortingLayerID: 0
  m_SortingLayer: 0
  m_SortingOrder: -1
  m_Sprite: {fileID: 21300000, guid: 51571df9bce9d494e872941d9a0dbac0, type: 3}
  m_Color: {r: 1, g: 1, b: 1, a: 1}
  m_FlipX: 0
  m_FlipY: 0
  m_DrawMode: 0
  m_Size: {x: 1.92, y: 4.96}
  m_AdaptiveModeThreshold: 0.5
  m_SpriteTileMode: 0
  m_WasSpriteAssigned: 1
  m_MaskInteraction: 0
  m_SpriteSortPoint: 0
--- !u!61 &1013600563955103133
BoxCollider2D:
  m_ObjectHideFlags: 0
  m_CorrespondingSourceObject: {fileID: 0}
  m_PrefabInstance: {fileID: 0}
  m_PrefabAsset: {fileID: 0}
  m_GameObject: {fileID: 2801574471310231498}
  m_Enabled: 1
  m_Density: 1
  m_Material: {fileID: 0}
  m_IsTrigger: 0
  m_UsedByEffector: 0
  m_UsedByComposite: 0
  m_Offset: {x: -1.5495329, y: -1.1669657}
  m_SpriteTilingProperty:
    border: {x: 0, y: 0, z: 0, w: 0}
    pivot: {x: 0.5, y: 0.5}
    oldSize: {x: 1.92, y: 4.96}
    newSize: {x: 1.92, y: 4.96}
    adaptiveTilingThreshold: 0.5
    drawMode: 0
    adaptiveTiling: 0
  m_AutoTiling: 0
  serializedVersion: 2
  m_Size: {x: 1.1979399, y: 2.6260686}
  m_EdgeRadius: 0
--- !u!61 &5590315009298254140
BoxCollider2D:
  m_ObjectHideFlags: 0
  m_CorrespondingSourceObject: {fileID: 0}
  m_PrefabInstance: {fileID: 0}
  m_PrefabAsset: {fileID: 0}
  m_GameObject: {fileID: 2801574471310231498}
  m_Enabled: 1
  m_Density: 1
  m_Material: {fileID: 0}
  m_IsTrigger: 0
  m_UsedByEffector: 0
  m_UsedByComposite: 0
  m_Offset: {x: 1.7320447, y: -1.1485971}
  m_SpriteTilingProperty:
    border: {x: 0, y: 0, z: 0, w: 0}
    pivot: {x: 0.5, y: 0.5}
    oldSize: {x: 1.92, y: 4.96}
    newSize: {x: 1.92, y: 4.96}
    adaptiveTilingThreshold: 0.5
    drawMode: 0
    adaptiveTiling: 0
  m_AutoTiling: 0
  serializedVersion: 2
  m_Size: {x: 1.4824309, y: 2.6628058}
  m_EdgeRadius: 0
--- !u!61 &957871216766083645
BoxCollider2D:
  m_ObjectHideFlags: 0
  m_CorrespondingSourceObject: {fileID: 0}
  m_PrefabInstance: {fileID: 0}
  m_PrefabAsset: {fileID: 0}
  m_GameObject: {fileID: 2801574471310231498}
  m_Enabled: 1
  m_Density: 1
  m_Material: {fileID: 0}
  m_IsTrigger: 0
  m_UsedByEffector: 0
  m_UsedByComposite: 0
  m_Offset: {x: -1.6426568, y: 1.7880746}
  m_SpriteTilingProperty:
    border: {x: 0, y: 0, z: 0, w: 0}
    pivot: {x: 0.5, y: 0.5}
    oldSize: {x: 1.92, y: 4.96}
    newSize: {x: 1.92, y: 4.96}
    adaptiveTilingThreshold: 0.5
    drawMode: 0
    adaptiveTiling: 0
  m_AutoTiling: 0
  serializedVersion: 2
  m_Size: {x: 1.3101511, y: 1.3838508}
  m_EdgeRadius: 0
--- !u!61 &5476569608710751897
BoxCollider2D:
  m_ObjectHideFlags: 0
  m_CorrespondingSourceObject: {fileID: 0}
  m_PrefabInstance: {fileID: 0}
  m_PrefabAsset: {fileID: 0}
  m_GameObject: {fileID: 2801574471310231498}
  m_Enabled: 1
  m_Density: 1
  m_Material: {fileID: 0}
  m_IsTrigger: 0
  m_UsedByEffector: 0
  m_UsedByComposite: 0
  m_Offset: {x: 1.7440226, y: 1.7842767}
  m_SpriteTilingProperty:
    border: {x: 0, y: 0, z: 0, w: 0}
    pivot: {x: 0.5, y: 0.5}
    oldSize: {x: 1.92, y: 4.96}
    newSize: {x: 1.92, y: 4.96}
    adaptiveTilingThreshold: 0.5
    drawMode: 0
    adaptiveTiling: 0
  m_AutoTiling: 0
  serializedVersion: 2
  m_Size: {x: 1.4794054, y: 1.3914465}
  m_EdgeRadius: 0
--- !u!61 &3633822677487699266
BoxCollider2D:
  m_ObjectHideFlags: 0
  m_CorrespondingSourceObject: {fileID: 0}
  m_PrefabInstance: {fileID: 0}
  m_PrefabAsset: {fileID: 0}
  m_GameObject: {fileID: 2801574471310231498}
  m_Enabled: 1
  m_Density: 1
  m_Material: {fileID: 0}
  m_IsTrigger: 0
  m_UsedByEffector: 0
  m_UsedByComposite: 0
  m_Offset: {x: 0.017598212, y: -1.7480539}
  m_SpriteTilingProperty:
    border: {x: 0, y: 0, z: 0, w: 0}
    pivot: {x: 0.5, y: 0.5}
    oldSize: {x: 1.92, y: 4.96}
    newSize: {x: 1.92, y: 4.96}
    adaptiveTilingThreshold: 0.5
    drawMode: 0
    adaptiveTiling: 0
  m_AutoTiling: 0
  serializedVersion: 2
  m_Size: {x: 1.9551964, y: 1.4638922}
  m_EdgeRadius: 0
--- !u!1 &3028888347562514762
GameObject:
  m_ObjectHideFlags: 0
  m_CorrespondingSourceObject: {fileID: 0}
  m_PrefabInstance: {fileID: 0}
  m_PrefabAsset: {fileID: 0}
  serializedVersion: 6
  m_Component:
  - component: {fileID: 965381310062372791}
  - component: {fileID: 2835689757342219175}
  m_Layer: 0
  m_Name: caution (1)
  m_TagString: Untagged
  m_Icon: {fileID: 0}
  m_NavMeshLayer: 0
  m_StaticEditorFlags: 0
  m_IsActive: 1
--- !u!4 &965381310062372791
Transform:
  m_ObjectHideFlags: 0
  m_CorrespondingSourceObject: {fileID: 0}
  m_PrefabInstance: {fileID: 0}
  m_PrefabAsset: {fileID: 0}
  m_GameObject: {fileID: 3028888347562514762}
  m_LocalRotation: {x: -0, y: -0, z: -0, w: 1}
  m_LocalPosition: {x: -2.5, y: 2.67, z: 0}
  m_LocalScale: {x: 1, y: 1, z: 1}
  m_ConstrainProportionsScale: 0
  m_Children: []
  m_Father: {fileID: 2801574471213015261}
  m_RootOrder: 5
  m_LocalEulerAnglesHint: {x: 0, y: 0, z: 0}
--- !u!212 &2835689757342219175
SpriteRenderer:
  m_ObjectHideFlags: 0
  m_CorrespondingSourceObject: {fileID: 0}
  m_PrefabInstance: {fileID: 0}
  m_PrefabAsset: {fileID: 0}
  m_GameObject: {fileID: 3028888347562514762}
  m_Enabled: 1
  m_CastShadows: 0
  m_ReceiveShadows: 0
  m_DynamicOccludee: 1
  m_StaticShadowCaster: 0
  m_MotionVectors: 1
  m_LightProbeUsage: 1
  m_ReflectionProbeUsage: 1
  m_RayTracingMode: 0
  m_RayTraceProcedural: 0
  m_RenderingLayerMask: 1
  m_RendererPriority: 0
  m_Materials:
  - {fileID: 10754, guid: 0000000000000000f000000000000000, type: 0}
  m_StaticBatchInfo:
    firstSubMesh: 0
    subMeshCount: 0
  m_StaticBatchRoot: {fileID: 0}
  m_ProbeAnchor: {fileID: 0}
  m_LightProbeVolumeOverride: {fileID: 0}
  m_ScaleInLightmap: 1
  m_ReceiveGI: 1
  m_PreserveUVs: 0
  m_IgnoreNormalsForChartDetection: 0
  m_ImportantGI: 0
  m_StitchLightmapSeams: 1
  m_SelectedEditorRenderState: 0
  m_MinimumChartSize: 4
  m_AutoUVMaxDistance: 0.5
  m_AutoUVMaxAngle: 89
  m_LightmapParameters: {fileID: 0}
  m_SortingLayerID: 0
  m_SortingLayer: 0
  m_SortingOrder: 0
  m_Sprite: {fileID: 21300000, guid: 17aa2bcde858e6649928e17bde273640, type: 3}
  m_Color: {r: 1, g: 1, b: 1, a: 1}
  m_FlipX: 0
  m_FlipY: 0
  m_DrawMode: 0
  m_Size: {x: 1.39, y: 1.24}
  m_AdaptiveModeThreshold: 0.5
  m_SpriteTileMode: 0
  m_WasSpriteAssigned: 1
  m_MaskInteraction: 0
  m_SpriteSortPoint: 0
--- !u!1 &3130628124582493750
GameObject:
  m_ObjectHideFlags: 0
  m_CorrespondingSourceObject: {fileID: 0}
  m_PrefabInstance: {fileID: 0}
  m_PrefabAsset: {fileID: 0}
  serializedVersion: 6
  m_Component:
  - component: {fileID: 5748682792632335999}
  - component: {fileID: 9170781122372226695}
  m_Layer: 0
  m_Name: Building 3
  m_TagString: Untagged
  m_Icon: {fileID: 0}
  m_NavMeshLayer: 0
  m_StaticEditorFlags: 0
  m_IsActive: 1
--- !u!4 &5748682792632335999
Transform:
  m_ObjectHideFlags: 0
  m_CorrespondingSourceObject: {fileID: 0}
  m_PrefabInstance: {fileID: 0}
  m_PrefabAsset: {fileID: 0}
  m_GameObject: {fileID: 3130628124582493750}
  m_LocalRotation: {x: -0, y: -0, z: -0, w: 1}
  m_LocalPosition: {x: 7.39, y: -3.73, z: 0}
  m_LocalScale: {x: 1, y: 1, z: 1}
  m_ConstrainProportionsScale: 0
  m_Children: []
  m_Father: {fileID: 2801574471213015261}
  m_RootOrder: 11
  m_LocalEulerAnglesHint: {x: 0, y: 0, z: 0}
--- !u!212 &9170781122372226695
SpriteRenderer:
  m_ObjectHideFlags: 0
  m_CorrespondingSourceObject: {fileID: 0}
  m_PrefabInstance: {fileID: 0}
  m_PrefabAsset: {fileID: 0}
  m_GameObject: {fileID: 3130628124582493750}
  m_Enabled: 1
  m_CastShadows: 0
  m_ReceiveShadows: 0
  m_DynamicOccludee: 1
  m_StaticShadowCaster: 0
  m_MotionVectors: 1
  m_LightProbeUsage: 1
  m_ReflectionProbeUsage: 1
  m_RayTracingMode: 0
  m_RayTraceProcedural: 0
  m_RenderingLayerMask: 1
  m_RendererPriority: 0
  m_Materials:
  - {fileID: 10754, guid: 0000000000000000f000000000000000, type: 0}
  m_StaticBatchInfo:
    firstSubMesh: 0
    subMeshCount: 0
  m_StaticBatchRoot: {fileID: 0}
  m_ProbeAnchor: {fileID: 0}
  m_LightProbeVolumeOverride: {fileID: 0}
  m_ScaleInLightmap: 1
  m_ReceiveGI: 1
  m_PreserveUVs: 0
  m_IgnoreNormalsForChartDetection: 0
  m_ImportantGI: 0
  m_StitchLightmapSeams: 1
  m_SelectedEditorRenderState: 0
  m_MinimumChartSize: 4
  m_AutoUVMaxDistance: 0.5
  m_AutoUVMaxAngle: 89
  m_LightmapParameters: {fileID: 0}
  m_SortingLayerID: 0
  m_SortingLayer: 0
  m_SortingOrder: 0
  m_Sprite: {fileID: 21300000, guid: 03fa17d68a0d16b41a25f4fed577cbaf, type: 3}
  m_Color: {r: 1, g: 1, b: 1, a: 1}
  m_FlipX: 0
  m_FlipY: 0
  m_DrawMode: 0
  m_Size: {x: 10.32, y: 9.74}
  m_AdaptiveModeThreshold: 0.5
  m_SpriteTileMode: 0
  m_WasSpriteAssigned: 1
  m_MaskInteraction: 0
  m_SpriteSortPoint: 0
--- !u!1 &3960488969716536465
GameObject:
  m_ObjectHideFlags: 0
  m_CorrespondingSourceObject: {fileID: 0}
  m_PrefabInstance: {fileID: 0}
  m_PrefabAsset: {fileID: 0}
  serializedVersion: 6
  m_Component:
  - component: {fileID: 7758869808897896921}
  - component: {fileID: 2626185469912442822}
  m_Layer: 0
  m_Name: caution (2)
  m_TagString: Untagged
  m_Icon: {fileID: 0}
  m_NavMeshLayer: 0
  m_StaticEditorFlags: 0
  m_IsActive: 1
--- !u!4 &7758869808897896921
Transform:
  m_ObjectHideFlags: 0
  m_CorrespondingSourceObject: {fileID: 0}
  m_PrefabInstance: {fileID: 0}
  m_PrefabAsset: {fileID: 0}
  m_GameObject: {fileID: 3960488969716536465}
  m_LocalRotation: {x: -0, y: -0, z: -0, w: 1}
  m_LocalPosition: {x: 2.25, y: 2.53, z: 0}
  m_LocalScale: {x: 1, y: 1, z: 1}
  m_ConstrainProportionsScale: 0
  m_Children: []
  m_Father: {fileID: 2801574471213015261}
  m_RootOrder: 6
  m_LocalEulerAnglesHint: {x: 0, y: 0, z: 0}
--- !u!212 &2626185469912442822
SpriteRenderer:
  m_ObjectHideFlags: 0
  m_CorrespondingSourceObject: {fileID: 0}
  m_PrefabInstance: {fileID: 0}
  m_PrefabAsset: {fileID: 0}
  m_GameObject: {fileID: 3960488969716536465}
  m_Enabled: 1
  m_CastShadows: 0
  m_ReceiveShadows: 0
  m_DynamicOccludee: 1
  m_StaticShadowCaster: 0
  m_MotionVectors: 1
  m_LightProbeUsage: 1
  m_ReflectionProbeUsage: 1
  m_RayTracingMode: 0
  m_RayTraceProcedural: 0
  m_RenderingLayerMask: 1
  m_RendererPriority: 0
  m_Materials:
  - {fileID: 10754, guid: 0000000000000000f000000000000000, type: 0}
  m_StaticBatchInfo:
    firstSubMesh: 0
    subMeshCount: 0
  m_StaticBatchRoot: {fileID: 0}
  m_ProbeAnchor: {fileID: 0}
  m_LightProbeVolumeOverride: {fileID: 0}
  m_ScaleInLightmap: 1
  m_ReceiveGI: 1
  m_PreserveUVs: 0
  m_IgnoreNormalsForChartDetection: 0
  m_ImportantGI: 0
  m_StitchLightmapSeams: 1
  m_SelectedEditorRenderState: 0
  m_MinimumChartSize: 4
  m_AutoUVMaxDistance: 0.5
  m_AutoUVMaxAngle: 89
  m_LightmapParameters: {fileID: 0}
  m_SortingLayerID: 0
  m_SortingLayer: 0
  m_SortingOrder: 0
  m_Sprite: {fileID: 21300000, guid: 17aa2bcde858e6649928e17bde273640, type: 3}
  m_Color: {r: 1, g: 1, b: 1, a: 1}
  m_FlipX: 0
  m_FlipY: 0
  m_DrawMode: 0
  m_Size: {x: 1.39, y: 1.24}
  m_AdaptiveModeThreshold: 0.5
  m_SpriteTileMode: 0
  m_WasSpriteAssigned: 1
  m_MaskInteraction: 0
  m_SpriteSortPoint: 0
--- !u!1 &5478063899984007739
GameObject:
  m_ObjectHideFlags: 0
  m_CorrespondingSourceObject: {fileID: 0}
  m_PrefabInstance: {fileID: 0}
  m_PrefabAsset: {fileID: 0}
  serializedVersion: 6
  m_Component:
  - component: {fileID: 7577920244958815885}
  - component: {fileID: 5950473349950501471}
  m_Layer: 0
  m_Name: caution
  m_TagString: Untagged
  m_Icon: {fileID: 0}
  m_NavMeshLayer: 0
  m_StaticEditorFlags: 0
  m_IsActive: 1
--- !u!4 &7577920244958815885
Transform:
  m_ObjectHideFlags: 0
  m_CorrespondingSourceObject: {fileID: 0}
  m_PrefabInstance: {fileID: 0}
  m_PrefabAsset: {fileID: 0}
  m_GameObject: {fileID: 5478063899984007739}
  m_LocalRotation: {x: -0, y: -0, z: -0, w: 1}
  m_LocalPosition: {x: 0, y: 6.99, z: 0}
  m_LocalScale: {x: 1, y: 1, z: 1}
  m_ConstrainProportionsScale: 0
  m_Children: []
  m_Father: {fileID: 2801574471213015261}
  m_RootOrder: 2
  m_LocalEulerAnglesHint: {x: 0, y: 0, z: 0}
--- !u!212 &5950473349950501471
SpriteRenderer:
  m_ObjectHideFlags: 0
  m_CorrespondingSourceObject: {fileID: 0}
  m_PrefabInstance: {fileID: 0}
  m_PrefabAsset: {fileID: 0}
  m_GameObject: {fileID: 5478063899984007739}
  m_Enabled: 1
  m_CastShadows: 0
  m_ReceiveShadows: 0
  m_DynamicOccludee: 1
  m_StaticShadowCaster: 0
  m_MotionVectors: 1
  m_LightProbeUsage: 1
  m_ReflectionProbeUsage: 1
  m_RayTracingMode: 0
  m_RayTraceProcedural: 0
  m_RenderingLayerMask: 1
  m_RendererPriority: 0
  m_Materials:
  - {fileID: 10754, guid: 0000000000000000f000000000000000, type: 0}
  m_StaticBatchInfo:
    firstSubMesh: 0
    subMeshCount: 0
  m_StaticBatchRoot: {fileID: 0}
  m_ProbeAnchor: {fileID: 0}
  m_LightProbeVolumeOverride: {fileID: 0}
  m_ScaleInLightmap: 1
  m_ReceiveGI: 1
  m_PreserveUVs: 0
  m_IgnoreNormalsForChartDetection: 0
  m_ImportantGI: 0
  m_StitchLightmapSeams: 1
  m_SelectedEditorRenderState: 0
  m_MinimumChartSize: 4
  m_AutoUVMaxDistance: 0.5
  m_AutoUVMaxAngle: 89
  m_LightmapParameters: {fileID: 0}
  m_SortingLayerID: 0
  m_SortingLayer: 0
  m_SortingOrder: 0
  m_Sprite: {fileID: 21300000, guid: 17aa2bcde858e6649928e17bde273640, type: 3}
  m_Color: {r: 1, g: 1, b: 1, a: 1}
  m_FlipX: 0
  m_FlipY: 0
  m_DrawMode: 0
  m_Size: {x: 1.39, y: 1.24}
  m_AdaptiveModeThreshold: 0.5
  m_SpriteTileMode: 0
  m_WasSpriteAssigned: 1
  m_MaskInteraction: 0
  m_SpriteSortPoint: 0
--- !u!1 &6421363024755091732
GameObject:
  m_ObjectHideFlags: 0
  m_CorrespondingSourceObject: {fileID: 0}
  m_PrefabInstance: {fileID: 0}
  m_PrefabAsset: {fileID: 0}
  serializedVersion: 6
  m_Component:
  - component: {fileID: 8004661396405128449}
  - component: {fileID: 1959624205075260399}
  m_Layer: 0
  m_Name: Building 2
  m_TagString: Untagged
  m_Icon: {fileID: 0}
  m_NavMeshLayer: 0
  m_StaticEditorFlags: 0
  m_IsActive: 1
--- !u!4 &8004661396405128449
Transform:
  m_ObjectHideFlags: 0
  m_CorrespondingSourceObject: {fileID: 0}
  m_PrefabInstance: {fileID: 0}
  m_PrefabAsset: {fileID: 0}
  m_GameObject: {fileID: 6421363024755091732}
  m_LocalRotation: {x: -0, y: -0, z: -0, w: 1}
  m_LocalPosition: {x: -6.77, y: -3.89, z: 0}
  m_LocalScale: {x: 1, y: 1, z: 1}
  m_ConstrainProportionsScale: 0
  m_Children: []
  m_Father: {fileID: 2801574471213015261}
  m_RootOrder: 12
  m_LocalEulerAnglesHint: {x: 0, y: 0, z: 0}
--- !u!212 &1959624205075260399
SpriteRenderer:
  m_ObjectHideFlags: 0
  m_CorrespondingSourceObject: {fileID: 0}
  m_PrefabInstance: {fileID: 0}
  m_PrefabAsset: {fileID: 0}
  m_GameObject: {fileID: 6421363024755091732}
  m_Enabled: 1
  m_CastShadows: 0
  m_ReceiveShadows: 0
  m_DynamicOccludee: 1
  m_StaticShadowCaster: 0
  m_MotionVectors: 1
  m_LightProbeUsage: 1
  m_ReflectionProbeUsage: 1
  m_RayTracingMode: 0
  m_RayTraceProcedural: 0
  m_RenderingLayerMask: 1
  m_RendererPriority: 0
  m_Materials:
  - {fileID: 10754, guid: 0000000000000000f000000000000000, type: 0}
  m_StaticBatchInfo:
    firstSubMesh: 0
    subMeshCount: 0
  m_StaticBatchRoot: {fileID: 0}
  m_ProbeAnchor: {fileID: 0}
  m_LightProbeVolumeOverride: {fileID: 0}
  m_ScaleInLightmap: 1
  m_ReceiveGI: 1
  m_PreserveUVs: 0
  m_IgnoreNormalsForChartDetection: 0
  m_ImportantGI: 0
  m_StitchLightmapSeams: 1
  m_SelectedEditorRenderState: 0
  m_MinimumChartSize: 4
  m_AutoUVMaxDistance: 0.5
  m_AutoUVMaxAngle: 89
  m_LightmapParameters: {fileID: 0}
  m_SortingLayerID: 0
  m_SortingLayer: 0
  m_SortingOrder: 0
  m_Sprite: {fileID: 21300000, guid: 891fa4a1257bf454eb3f800b996f79de, type: 3}
  m_Color: {r: 1, g: 1, b: 1, a: 1}
  m_FlipX: 0
  m_FlipY: 0
  m_DrawMode: 0
  m_Size: {x: 8.71, y: 8.84}
  m_AdaptiveModeThreshold: 0.5
  m_SpriteTileMode: 0
  m_WasSpriteAssigned: 1
  m_MaskInteraction: 0
  m_SpriteSortPoint: 0
--- !u!1 &6853590130544137922
GameObject:
  m_ObjectHideFlags: 0
  m_CorrespondingSourceObject: {fileID: 0}
  m_PrefabInstance: {fileID: 0}
  m_PrefabAsset: {fileID: 0}
  serializedVersion: 6
  m_Component:
  - component: {fileID: 5026323628367406003}
  - component: {fileID: 2587261476681845986}
  m_Layer: 0
  m_Name: Building 6
  m_TagString: Untagged
  m_Icon: {fileID: 0}
  m_NavMeshLayer: 0
  m_StaticEditorFlags: 0
  m_IsActive: 1
--- !u!4 &5026323628367406003
Transform:
  m_ObjectHideFlags: 0
  m_CorrespondingSourceObject: {fileID: 0}
  m_PrefabInstance: {fileID: 0}
  m_PrefabAsset: {fileID: 0}
  m_GameObject: {fileID: 6853590130544137922}
  m_LocalRotation: {x: -0, y: -0, z: -0, w: 1}
  m_LocalPosition: {x: -7.18, y: 7.673493, z: 0}
  m_LocalScale: {x: 1, y: 1, z: 1}
  m_ConstrainProportionsScale: 0
  m_Children: []
  m_Father: {fileID: 2801574471213015261}
  m_RootOrder: 9
  m_LocalEulerAnglesHint: {x: 0, y: 0, z: 0}
--- !u!212 &2587261476681845986
SpriteRenderer:
  m_ObjectHideFlags: 0
  m_CorrespondingSourceObject: {fileID: 0}
  m_PrefabInstance: {fileID: 0}
  m_PrefabAsset: {fileID: 0}
  m_GameObject: {fileID: 6853590130544137922}
  m_Enabled: 1
  m_CastShadows: 0
  m_ReceiveShadows: 0
  m_DynamicOccludee: 1
  m_StaticShadowCaster: 0
  m_MotionVectors: 1
  m_LightProbeUsage: 1
  m_ReflectionProbeUsage: 1
  m_RayTracingMode: 0
  m_RayTraceProcedural: 0
  m_RenderingLayerMask: 1
  m_RendererPriority: 0
  m_Materials:
  - {fileID: 10754, guid: 0000000000000000f000000000000000, type: 0}
  m_StaticBatchInfo:
    firstSubMesh: 0
    subMeshCount: 0
  m_StaticBatchRoot: {fileID: 0}
  m_ProbeAnchor: {fileID: 0}
  m_LightProbeVolumeOverride: {fileID: 0}
  m_ScaleInLightmap: 1
  m_ReceiveGI: 1
  m_PreserveUVs: 0
  m_IgnoreNormalsForChartDetection: 0
  m_ImportantGI: 0
  m_StitchLightmapSeams: 1
  m_SelectedEditorRenderState: 0
  m_MinimumChartSize: 4
  m_AutoUVMaxDistance: 0.5
  m_AutoUVMaxAngle: 89
  m_LightmapParameters: {fileID: 0}
  m_SortingLayerID: 0
  m_SortingLayer: 0
  m_SortingOrder: 0
  m_Sprite: {fileID: 21300000, guid: 575c5607fbe5d1d4381558f90359d1f6, type: 3}
  m_Color: {r: 1, g: 1, b: 1, a: 1}
  m_FlipX: 0
  m_FlipY: 0
  m_DrawMode: 0
  m_Size: {x: 8.86, y: 7.36}
  m_AdaptiveModeThreshold: 0.5
  m_SpriteTileMode: 0
  m_WasSpriteAssigned: 1
  m_MaskInteraction: 0
  m_SpriteSortPoint: 0
--- !u!1 &7694329550701152878
GameObject:
  m_ObjectHideFlags: 0
  m_CorrespondingSourceObject: {fileID: 0}
  m_PrefabInstance: {fileID: 0}
  m_PrefabAsset: {fileID: 0}
  serializedVersion: 6
  m_Component:
  - component: {fileID: 1947831140694664528}
  - component: {fileID: 6981578066955451403}
  m_Layer: 0
  m_Name: Building 4
  m_TagString: Untagged
  m_Icon: {fileID: 0}
  m_NavMeshLayer: 0
  m_StaticEditorFlags: 0
  m_IsActive: 1
--- !u!4 &1947831140694664528
Transform:
  m_ObjectHideFlags: 0
  m_CorrespondingSourceObject: {fileID: 0}
  m_PrefabInstance: {fileID: 0}
  m_PrefabAsset: {fileID: 0}
  m_GameObject: {fileID: 7694329550701152878}
  m_LocalRotation: {x: -0, y: -0, z: -0, w: 1}
  m_LocalPosition: {x: -7.28, y: -11.99, z: 0}
  m_LocalScale: {x: 1, y: 1, z: 1}
  m_ConstrainProportionsScale: 0
  m_Children: []
  m_Father: {fileID: 2801574471213015261}
  m_RootOrder: 13
  m_LocalEulerAnglesHint: {x: 0, y: 0, z: 0}
--- !u!212 &6981578066955451403
SpriteRenderer:
  m_ObjectHideFlags: 0
  m_CorrespondingSourceObject: {fileID: 0}
  m_PrefabInstance: {fileID: 0}
  m_PrefabAsset: {fileID: 0}
  m_GameObject: {fileID: 7694329550701152878}
  m_Enabled: 1
  m_CastShadows: 0
  m_ReceiveShadows: 0
  m_DynamicOccludee: 1
  m_StaticShadowCaster: 0
  m_MotionVectors: 1
  m_LightProbeUsage: 1
  m_ReflectionProbeUsage: 1
  m_RayTracingMode: 0
  m_RayTraceProcedural: 0
  m_RenderingLayerMask: 1
  m_RendererPriority: 0
  m_Materials:
  - {fileID: 10754, guid: 0000000000000000f000000000000000, type: 0}
  m_StaticBatchInfo:
    firstSubMesh: 0
    subMeshCount: 0
  m_StaticBatchRoot: {fileID: 0}
  m_ProbeAnchor: {fileID: 0}
  m_LightProbeVolumeOverride: {fileID: 0}
  m_ScaleInLightmap: 1
  m_ReceiveGI: 1
  m_PreserveUVs: 0
  m_IgnoreNormalsForChartDetection: 0
  m_ImportantGI: 0
  m_StitchLightmapSeams: 1
  m_SelectedEditorRenderState: 0
  m_MinimumChartSize: 4
  m_AutoUVMaxDistance: 0.5
  m_AutoUVMaxAngle: 89
  m_LightmapParameters: {fileID: 0}
  m_SortingLayerID: 0
  m_SortingLayer: 0
  m_SortingOrder: 1
  m_Sprite: {fileID: 21300000, guid: 26470cae13eea484dabcfb1c84e28918, type: 3}
  m_Color: {r: 1, g: 1, b: 1, a: 1}
  m_FlipX: 0
  m_FlipY: 0
  m_DrawMode: 0
  m_Size: {x: 12.65, y: 10.44}
  m_AdaptiveModeThreshold: 0.5
  m_SpriteTileMode: 0
  m_WasSpriteAssigned: 1
  m_MaskInteraction: 0
  m_SpriteSortPoint: 0
--- !u!1001 &1199903635137665961
PrefabInstance:
  m_ObjectHideFlags: 0
  serializedVersion: 2
  m_Modification:
    m_TransformParent: {fileID: 2801574471213015261}
    m_Modifications:
    - target: {fileID: 9060945845082945097, guid: 8fac41e3a6933654aaa6af5f25c81b4b, type: 3}
      propertyPath: caution
      value: 
      objectReference: {fileID: 965381310062372791}
    - target: {fileID: 9060945845082945097, guid: 8fac41e3a6933654aaa6af5f25c81b4b, type: 3}
      propertyPath: offsetX
      value: 0
      objectReference: {fileID: 0}
    - target: {fileID: 9060945845082945097, guid: 8fac41e3a6933654aaa6af5f25c81b4b, type: 3}
      propertyPath: offsetY
      value: 2
      objectReference: {fileID: 0}
    - target: {fileID: 9060945845082945097, guid: 8fac41e3a6933654aaa6af5f25c81b4b, type: 3}
      propertyPath: delayTheNextWave
      value: 15
      objectReference: {fileID: 0}
    - target: {fileID: 9060945845082945097, guid: 8fac41e3a6933654aaa6af5f25c81b4b, type: 3}
      propertyPath: delayAppearanceTime
      value: 15
      objectReference: {fileID: 0}
    - target: {fileID: 9060945845082945097, guid: 8fac41e3a6933654aaa6af5f25c81b4b, type: 3}
      propertyPath: listWave.Array.size
      value: 1
      objectReference: {fileID: 0}
    - target: {fileID: 9060945845082945097, guid: 8fac41e3a6933654aaa6af5f25c81b4b, type: 3}
      propertyPath: listWave.Array.data[1].toiletListAppears.Array.size
      value: 2
      objectReference: {fileID: 0}
    - target: {fileID: 9060945845082945097, guid: 8fac41e3a6933654aaa6af5f25c81b4b, type: 3}
      propertyPath: listWave.Array.data[0].toiletListAppears.Array.data[0].pre
      value: 
      objectReference: {fileID: 1732430198289339776, guid: 9eb517a6488cff444b83095f34a51113, type: 3}
    - target: {fileID: 9060945845082945097, guid: 8fac41e3a6933654aaa6af5f25c81b4b, type: 3}
      propertyPath: listWave.Array.data[0].toiletListAppears.Array.data[1].pre
      value: 
      objectReference: {fileID: 1732430198289339776, guid: 9eb517a6488cff444b83095f34a51113, type: 3}
    - target: {fileID: 9060945845082945097, guid: 8fac41e3a6933654aaa6af5f25c81b4b, type: 3}
      propertyPath: listWave.Array.data[1].toiletListAppears.Array.data[0].pre
      value: 
      objectReference: {fileID: 1732430198289339776, guid: 9eb517a6488cff444b83095f34a51113, type: 3}
    - target: {fileID: 9060945845082945097, guid: 8fac41e3a6933654aaa6af5f25c81b4b, type: 3}
      propertyPath: listWave.Array.data[1].toiletListAppears.Array.data[1].pre
      value: 
      objectReference: {fileID: 1732430198289339776, guid: 9eb517a6488cff444b83095f34a51113, type: 3}
    - target: {fileID: 9060945845082945097, guid: 8fac41e3a6933654aaa6af5f25c81b4b, type: 3}
      propertyPath: listWave.Array.data[1].toiletListAppears.Array.data[0].type
      value: 1
      objectReference: {fileID: 0}
    - target: {fileID: 9060945845082945097, guid: 8fac41e3a6933654aaa6af5f25c81b4b, type: 3}
      propertyPath: listWave.Array.data[1].toiletListAppears.Array.data[1].type
      value: 1
      objectReference: {fileID: 0}
    - target: {fileID: 9060945845082945097, guid: 8fac41e3a6933654aaa6af5f25c81b4b, type: 3}
      propertyPath: listWave.Array.data[0].toiletListAppears.Array.data[0].numbersToilet
      value: 4
      objectReference: {fileID: 0}
    - target: {fileID: 9060945845082945097, guid: 8fac41e3a6933654aaa6af5f25c81b4b, type: 3}
      propertyPath: listWave.Array.data[0].toiletListAppears.Array.data[1].numbersToilet
      value: 2
      objectReference: {fileID: 0}
    - target: {fileID: 9060945845082945097, guid: 8fac41e3a6933654aaa6af5f25c81b4b, type: 3}
      propertyPath: listWave.Array.data[1].toiletListAppears.Array.data[0].numbersToilet
      value: 4
      objectReference: {fileID: 0}
    - target: {fileID: 9060945845082945097, guid: 8fac41e3a6933654aaa6af5f25c81b4b, type: 3}
      propertyPath: listWave.Array.data[1].toiletListAppears.Array.data[1].numbersToilet
      value: 2
      objectReference: {fileID: 0}
    - target: {fileID: 9060945845082945098, guid: 8fac41e3a6933654aaa6af5f25c81b4b, type: 3}
      propertyPath: m_RootOrder
      value: 4
      objectReference: {fileID: 0}
    - target: {fileID: 9060945845082945098, guid: 8fac41e3a6933654aaa6af5f25c81b4b, type: 3}
      propertyPath: m_LocalPosition.x
      value: -4.8
      objectReference: {fileID: 0}
    - target: {fileID: 9060945845082945098, guid: 8fac41e3a6933654aaa6af5f25c81b4b, type: 3}
      propertyPath: m_LocalPosition.y
      value: 2.4899998
      objectReference: {fileID: 0}
    - target: {fileID: 9060945845082945098, guid: 8fac41e3a6933654aaa6af5f25c81b4b, type: 3}
      propertyPath: m_LocalPosition.z
      value: 0
      objectReference: {fileID: 0}
    - target: {fileID: 9060945845082945098, guid: 8fac41e3a6933654aaa6af5f25c81b4b, type: 3}
      propertyPath: m_LocalRotation.w
      value: 1
      objectReference: {fileID: 0}
    - target: {fileID: 9060945845082945098, guid: 8fac41e3a6933654aaa6af5f25c81b4b, type: 3}
      propertyPath: m_LocalRotation.x
      value: -0
      objectReference: {fileID: 0}
    - target: {fileID: 9060945845082945098, guid: 8fac41e3a6933654aaa6af5f25c81b4b, type: 3}
      propertyPath: m_LocalRotation.y
      value: -0
      objectReference: {fileID: 0}
    - target: {fileID: 9060945845082945098, guid: 8fac41e3a6933654aaa6af5f25c81b4b, type: 3}
      propertyPath: m_LocalRotation.z
      value: -0
      objectReference: {fileID: 0}
    - target: {fileID: 9060945845082945098, guid: 8fac41e3a6933654aaa6af5f25c81b4b, type: 3}
      propertyPath: m_LocalEulerAnglesHint.x
      value: 0
      objectReference: {fileID: 0}
    - target: {fileID: 9060945845082945098, guid: 8fac41e3a6933654aaa6af5f25c81b4b, type: 3}
      propertyPath: m_LocalEulerAnglesHint.y
      value: 0
      objectReference: {fileID: 0}
    - target: {fileID: 9060945845082945098, guid: 8fac41e3a6933654aaa6af5f25c81b4b, type: 3}
      propertyPath: m_LocalEulerAnglesHint.z
      value: 0
      objectReference: {fileID: 0}
    - target: {fileID: 9060945845082945099, guid: 8fac41e3a6933654aaa6af5f25c81b4b, type: 3}
      propertyPath: m_Name
      value: Gate (1)
      objectReference: {fileID: 0}
    m_RemovedComponents: []
  m_SourcePrefab: {fileID: 100100000, guid: 8fac41e3a6933654aaa6af5f25c81b4b, type: 3}
--- !u!4 &7861063671897452003 stripped
Transform:
  m_CorrespondingSourceObject: {fileID: 9060945845082945098, guid: 8fac41e3a6933654aaa6af5f25c81b4b, type: 3}
  m_PrefabInstance: {fileID: 1199903635137665961}
  m_PrefabAsset: {fileID: 0}
--- !u!1001 &1988007832194547736
PrefabInstance:
  m_ObjectHideFlags: 0
  serializedVersion: 2
  m_Modification:
    m_TransformParent: {fileID: 2801574471213015261}
    m_Modifications:
    - target: {fileID: 6840115561721914961, guid: ff6aa027c49197c4ba6c32757d2fd05d, type: 3}
      propertyPath: m_Name
      value: Target (1)
      objectReference: {fileID: 0}
    - target: {fileID: 6840115561721914962, guid: ff6aa027c49197c4ba6c32757d2fd05d, type: 3}
      propertyPath: m_RootOrder
      value: 8
      objectReference: {fileID: 0}
    - target: {fileID: 6840115561721914962, guid: ff6aa027c49197c4ba6c32757d2fd05d, type: 3}
      propertyPath: m_LocalPosition.x
      value: 0
      objectReference: {fileID: 0}
    - target: {fileID: 6840115561721914962, guid: ff6aa027c49197c4ba6c32757d2fd05d, type: 3}
      propertyPath: m_LocalPosition.y
      value: -2.164146
      objectReference: {fileID: 0}
    - target: {fileID: 6840115561721914962, guid: ff6aa027c49197c4ba6c32757d2fd05d, type: 3}
      propertyPath: m_LocalPosition.z
      value: 0
      objectReference: {fileID: 0}
    - target: {fileID: 6840115561721914962, guid: ff6aa027c49197c4ba6c32757d2fd05d, type: 3}
      propertyPath: m_LocalRotation.w
      value: 1
      objectReference: {fileID: 0}
    - target: {fileID: 6840115561721914962, guid: ff6aa027c49197c4ba6c32757d2fd05d, type: 3}
      propertyPath: m_LocalRotation.x
      value: -0
      objectReference: {fileID: 0}
    - target: {fileID: 6840115561721914962, guid: ff6aa027c49197c4ba6c32757d2fd05d, type: 3}
      propertyPath: m_LocalRotation.y
      value: -0
      objectReference: {fileID: 0}
    - target: {fileID: 6840115561721914962, guid: ff6aa027c49197c4ba6c32757d2fd05d, type: 3}
      propertyPath: m_LocalRotation.z
      value: -0
      objectReference: {fileID: 0}
    - target: {fileID: 6840115561721914962, guid: ff6aa027c49197c4ba6c32757d2fd05d, type: 3}
      propertyPath: m_LocalEulerAnglesHint.x
      value: 0
      objectReference: {fileID: 0}
    - target: {fileID: 6840115561721914962, guid: ff6aa027c49197c4ba6c32757d2fd05d, type: 3}
      propertyPath: m_LocalEulerAnglesHint.y
      value: 0
      objectReference: {fileID: 0}
    - target: {fileID: 6840115561721914962, guid: ff6aa027c49197c4ba6c32757d2fd05d, type: 3}
      propertyPath: m_LocalEulerAnglesHint.z
      value: 0
      objectReference: {fileID: 0}
    - target: {fileID: 6840115562004456431, guid: ff6aa027c49197c4ba6c32757d2fd05d, type: 3}
      propertyPath: m_AnchorMax.x
      value: 0
      objectReference: {fileID: 0}
    - target: {fileID: 6840115562004456431, guid: ff6aa027c49197c4ba6c32757d2fd05d, type: 3}
      propertyPath: m_AnchorMax.y
      value: 0
      objectReference: {fileID: 0}
    m_RemovedComponents: []
  m_SourcePrefab: {fileID: 100100000, guid: ff6aa027c49197c4ba6c32757d2fd05d, type: 3}
--- !u!4 &5006360440870594122 stripped
Transform:
  m_CorrespondingSourceObject: {fileID: 6840115561721914962, guid: ff6aa027c49197c4ba6c32757d2fd05d, type: 3}
  m_PrefabInstance: {fileID: 1988007832194547736}
  m_PrefabAsset: {fileID: 0}
--- !u!1001 &4340977528728973103
PrefabInstance:
  m_ObjectHideFlags: 0
  serializedVersion: 2
  m_Modification:
    m_TransformParent: {fileID: 2801574471213015261}
    m_Modifications:
    - target: {fileID: 9060945845082945097, guid: 8fac41e3a6933654aaa6af5f25c81b4b, type: 3}
      propertyPath: caution
      value: 
      objectReference: {fileID: 7758869808897896921}
    - target: {fileID: 9060945845082945097, guid: 8fac41e3a6933654aaa6af5f25c81b4b, type: 3}
      propertyPath: offsetX
      value: 0
      objectReference: {fileID: 0}
    - target: {fileID: 9060945845082945097, guid: 8fac41e3a6933654aaa6af5f25c81b4b, type: 3}
      propertyPath: offsetY
      value: 2
      objectReference: {fileID: 0}
    - target: {fileID: 9060945845082945097, guid: 8fac41e3a6933654aaa6af5f25c81b4b, type: 3}
      propertyPath: delayTheNextWave
      value: 20
      objectReference: {fileID: 0}
    - target: {fileID: 9060945845082945097, guid: 8fac41e3a6933654aaa6af5f25c81b4b, type: 3}
      propertyPath: delayAppearanceTime
      value: 50
      objectReference: {fileID: 0}
    - target: {fileID: 9060945845082945097, guid: 8fac41e3a6933654aaa6af5f25c81b4b, type: 3}
      propertyPath: listWave.Array.size
      value: 1
      objectReference: {fileID: 0}
    - target: {fileID: 9060945845082945097, guid: 8fac41e3a6933654aaa6af5f25c81b4b, type: 3}
      propertyPath: listWave.Array.data[1].toiletListAppears.Array.size
      value: 2
      objectReference: {fileID: 0}
    - target: {fileID: 9060945845082945097, guid: 8fac41e3a6933654aaa6af5f25c81b4b, type: 3}
      propertyPath: listWave.Array.data[0].toiletListAppears.Array.data[0].pre
      value: 
      objectReference: {fileID: 1732430198289339776, guid: 9eb517a6488cff444b83095f34a51113, type: 3}
    - target: {fileID: 9060945845082945097, guid: 8fac41e3a6933654aaa6af5f25c81b4b, type: 3}
      propertyPath: listWave.Array.data[0].toiletListAppears.Array.data[1].pre
      value: 
      objectReference: {fileID: 1732430198289339776, guid: 9eb517a6488cff444b83095f34a51113, type: 3}
    - target: {fileID: 9060945845082945097, guid: 8fac41e3a6933654aaa6af5f25c81b4b, type: 3}
      propertyPath: listWave.Array.data[1].toiletListAppears.Array.data[0].pre
      value: 
      objectReference: {fileID: 1732430198289339776, guid: 9eb517a6488cff444b83095f34a51113, type: 3}
    - target: {fileID: 9060945845082945097, guid: 8fac41e3a6933654aaa6af5f25c81b4b, type: 3}
      propertyPath: listWave.Array.data[1].toiletListAppears.Array.data[1].pre
      value: 
      objectReference: {fileID: 1732430198289339776, guid: 9eb517a6488cff444b83095f34a51113, type: 3}
    - target: {fileID: 9060945845082945097, guid: 8fac41e3a6933654aaa6af5f25c81b4b, type: 3}
      propertyPath: listWave.Array.data[1].toiletListAppears.Array.data[0].type
      value: 1
      objectReference: {fileID: 0}
    - target: {fileID: 9060945845082945097, guid: 8fac41e3a6933654aaa6af5f25c81b4b, type: 3}
      propertyPath: listWave.Array.data[1].toiletListAppears.Array.data[1].type
      value: 1
      objectReference: {fileID: 0}
    - target: {fileID: 9060945845082945097, guid: 8fac41e3a6933654aaa6af5f25c81b4b, type: 3}
      propertyPath: listWave.Array.data[0].toiletListAppears.Array.data[0].numbersToilet
      value: 4
      objectReference: {fileID: 0}
    - target: {fileID: 9060945845082945097, guid: 8fac41e3a6933654aaa6af5f25c81b4b, type: 3}
      propertyPath: listWave.Array.data[0].toiletListAppears.Array.data[1].numbersToilet
      value: 2
      objectReference: {fileID: 0}
    - target: {fileID: 9060945845082945097, guid: 8fac41e3a6933654aaa6af5f25c81b4b, type: 3}
      propertyPath: listWave.Array.data[1].toiletListAppears.Array.data[0].numbersToilet
      value: 4
      objectReference: {fileID: 0}
    - target: {fileID: 9060945845082945097, guid: 8fac41e3a6933654aaa6af5f25c81b4b, type: 3}
      propertyPath: listWave.Array.data[1].toiletListAppears.Array.data[1].numbersToilet
      value: 2
      objectReference: {fileID: 0}
    - target: {fileID: 9060945845082945098, guid: 8fac41e3a6933654aaa6af5f25c81b4b, type: 3}
      propertyPath: m_RootOrder
      value: 7
      objectReference: {fileID: 0}
    - target: {fileID: 9060945845082945098, guid: 8fac41e3a6933654aaa6af5f25c81b4b, type: 3}
      propertyPath: m_LocalPosition.x
      value: 4.08
      objectReference: {fileID: 0}
    - target: {fileID: 9060945845082945098, guid: 8fac41e3a6933654aaa6af5f25c81b4b, type: 3}
      propertyPath: m_LocalPosition.y
      value: 2.47
      objectReference: {fileID: 0}
    - target: {fileID: 9060945845082945098, guid: 8fac41e3a6933654aaa6af5f25c81b4b, type: 3}
      propertyPath: m_LocalPosition.z
      value: 0
      objectReference: {fileID: 0}
    - target: {fileID: 9060945845082945098, guid: 8fac41e3a6933654aaa6af5f25c81b4b, type: 3}
      propertyPath: m_LocalRotation.w
      value: 1
      objectReference: {fileID: 0}
    - target: {fileID: 9060945845082945098, guid: 8fac41e3a6933654aaa6af5f25c81b4b, type: 3}
      propertyPath: m_LocalRotation.x
      value: -0
      objectReference: {fileID: 0}
    - target: {fileID: 9060945845082945098, guid: 8fac41e3a6933654aaa6af5f25c81b4b, type: 3}
      propertyPath: m_LocalRotation.y
      value: -0
      objectReference: {fileID: 0}
    - target: {fileID: 9060945845082945098, guid: 8fac41e3a6933654aaa6af5f25c81b4b, type: 3}
      propertyPath: m_LocalRotation.z
      value: -0
      objectReference: {fileID: 0}
    - target: {fileID: 9060945845082945098, guid: 8fac41e3a6933654aaa6af5f25c81b4b, type: 3}
      propertyPath: m_LocalEulerAnglesHint.x
      value: 0
      objectReference: {fileID: 0}
    - target: {fileID: 9060945845082945098, guid: 8fac41e3a6933654aaa6af5f25c81b4b, type: 3}
      propertyPath: m_LocalEulerAnglesHint.y
      value: 0
      objectReference: {fileID: 0}
    - target: {fileID: 9060945845082945098, guid: 8fac41e3a6933654aaa6af5f25c81b4b, type: 3}
      propertyPath: m_LocalEulerAnglesHint.z
      value: 0
      objectReference: {fileID: 0}
    - target: {fileID: 9060945845082945099, guid: 8fac41e3a6933654aaa6af5f25c81b4b, type: 3}
      propertyPath: m_Name
      value: Gate (2)
      objectReference: {fileID: 0}
    m_RemovedComponents: []
  m_SourcePrefab: {fileID: 100100000, guid: 8fac41e3a6933654aaa6af5f25c81b4b, type: 3}
--- !u!4 &4719968316380125541 stripped
Transform:
  m_CorrespondingSourceObject: {fileID: 9060945845082945098, guid: 8fac41e3a6933654aaa6af5f25c81b4b, type: 3}
  m_PrefabInstance: {fileID: 4340977528728973103}
  m_PrefabAsset: {fileID: 0}
--- !u!1001 &7013985393227200134
PrefabInstance:
  m_ObjectHideFlags: 0
  serializedVersion: 2
  m_Modification:
    m_TransformParent: {fileID: 2801574471213015261}
    m_Modifications:
    - target: {fileID: 9060945845082945097, guid: 8fac41e3a6933654aaa6af5f25c81b4b, type: 3}
      propertyPath: caution
      value: 
      objectReference: {fileID: 7577920244958815885}
    - target: {fileID: 9060945845082945097, guid: 8fac41e3a6933654aaa6af5f25c81b4b, type: 3}
      propertyPath: offsetX
      value: 2
      objectReference: {fileID: 0}
    - target: {fileID: 9060945845082945097, guid: 8fac41e3a6933654aaa6af5f25c81b4b, type: 3}
      propertyPath: delayTheNextWave
      value: 10
      objectReference: {fileID: 0}
    - target: {fileID: 9060945845082945097, guid: 8fac41e3a6933654aaa6af5f25c81b4b, type: 3}
      propertyPath: delayAppearanceTime
      value: 5
      objectReference: {fileID: 0}
    - target: {fileID: 9060945845082945097, guid: 8fac41e3a6933654aaa6af5f25c81b4b, type: 3}
      propertyPath: listWave.Array.size
      value: 1
      objectReference: {fileID: 0}
    - target: {fileID: 9060945845082945097, guid: 8fac41e3a6933654aaa6af5f25c81b4b, type: 3}
      propertyPath: listWave.Array.data[1].toiletListAppears.Array.size
      value: 2
      objectReference: {fileID: 0}
    - target: {fileID: 9060945845082945097, guid: 8fac41e3a6933654aaa6af5f25c81b4b, type: 3}
      propertyPath: listWave.Array.data[0].toiletListAppears.Array.data[0].pre
      value: 
      objectReference: {fileID: 1732430198289339776, guid: 9eb517a6488cff444b83095f34a51113, type: 3}
    - target: {fileID: 9060945845082945097, guid: 8fac41e3a6933654aaa6af5f25c81b4b, type: 3}
      propertyPath: listWave.Array.data[0].toiletListAppears.Array.data[1].pre
      value: 
      objectReference: {fileID: 1732430198289339776, guid: 9eb517a6488cff444b83095f34a51113, type: 3}
    - target: {fileID: 9060945845082945097, guid: 8fac41e3a6933654aaa6af5f25c81b4b, type: 3}
      propertyPath: listWave.Array.data[1].toiletListAppears.Array.data[0].pre
      value: 
      objectReference: {fileID: 1732430198289339776, guid: 9eb517a6488cff444b83095f34a51113, type: 3}
    - target: {fileID: 9060945845082945097, guid: 8fac41e3a6933654aaa6af5f25c81b4b, type: 3}
      propertyPath: listWave.Array.data[1].toiletListAppears.Array.data[1].pre
      value: 
      objectReference: {fileID: 1732430198289339776, guid: 9eb517a6488cff444b83095f34a51113, type: 3}
    - target: {fileID: 9060945845082945097, guid: 8fac41e3a6933654aaa6af5f25c81b4b, type: 3}
      propertyPath: listWave.Array.data[1].toiletListAppears.Array.data[0].type
      value: 1
      objectReference: {fileID: 0}
    - target: {fileID: 9060945845082945097, guid: 8fac41e3a6933654aaa6af5f25c81b4b, type: 3}
      propertyPath: listWave.Array.data[1].toiletListAppears.Array.data[1].type
      value: 1
      objectReference: {fileID: 0}
    - target: {fileID: 9060945845082945097, guid: 8fac41e3a6933654aaa6af5f25c81b4b, type: 3}
      propertyPath: listWave.Array.data[0].toiletListAppears.Array.data[0].numbersToilet
      value: 4
      objectReference: {fileID: 0}
    - target: {fileID: 9060945845082945097, guid: 8fac41e3a6933654aaa6af5f25c81b4b, type: 3}
      propertyPath: listWave.Array.data[0].toiletListAppears.Array.data[1].numbersToilet
      value: 2
      objectReference: {fileID: 0}
    - target: {fileID: 9060945845082945097, guid: 8fac41e3a6933654aaa6af5f25c81b4b, type: 3}
      propertyPath: listWave.Array.data[1].toiletListAppears.Array.data[0].numbersToilet
      value: 4
      objectReference: {fileID: 0}
    - target: {fileID: 9060945845082945097, guid: 8fac41e3a6933654aaa6af5f25c81b4b, type: 3}
      propertyPath: listWave.Array.data[1].toiletListAppears.Array.data[1].numbersToilet
      value: 2
      objectReference: {fileID: 0}
    - target: {fileID: 9060945845082945098, guid: 8fac41e3a6933654aaa6af5f25c81b4b, type: 3}
      propertyPath: m_RootOrder
      value: 3
      objectReference: {fileID: 0}
    - target: {fileID: 9060945845082945098, guid: 8fac41e3a6933654aaa6af5f25c81b4b, type: 3}
      propertyPath: m_LocalPosition.x
      value: -0
      objectReference: {fileID: 0}
    - target: {fileID: 9060945845082945098, guid: 8fac41e3a6933654aaa6af5f25c81b4b, type: 3}
      propertyPath: m_LocalPosition.y
      value: 8.96
      objectReference: {fileID: 0}
    - target: {fileID: 9060945845082945098, guid: 8fac41e3a6933654aaa6af5f25c81b4b, type: 3}
      propertyPath: m_LocalPosition.z
      value: 0
      objectReference: {fileID: 0}
    - target: {fileID: 9060945845082945098, guid: 8fac41e3a6933654aaa6af5f25c81b4b, type: 3}
      propertyPath: m_LocalRotation.w
      value: 1
      objectReference: {fileID: 0}
    - target: {fileID: 9060945845082945098, guid: 8fac41e3a6933654aaa6af5f25c81b4b, type: 3}
      propertyPath: m_LocalRotation.x
      value: -0
      objectReference: {fileID: 0}
    - target: {fileID: 9060945845082945098, guid: 8fac41e3a6933654aaa6af5f25c81b4b, type: 3}
      propertyPath: m_LocalRotation.y
      value: -0
      objectReference: {fileID: 0}
    - target: {fileID: 9060945845082945098, guid: 8fac41e3a6933654aaa6af5f25c81b4b, type: 3}
      propertyPath: m_LocalRotation.z
      value: -0
      objectReference: {fileID: 0}
    - target: {fileID: 9060945845082945098, guid: 8fac41e3a6933654aaa6af5f25c81b4b, type: 3}
      propertyPath: m_LocalEulerAnglesHint.x
      value: 0
      objectReference: {fileID: 0}
    - target: {fileID: 9060945845082945098, guid: 8fac41e3a6933654aaa6af5f25c81b4b, type: 3}
      propertyPath: m_LocalEulerAnglesHint.y
      value: 0
      objectReference: {fileID: 0}
    - target: {fileID: 9060945845082945098, guid: 8fac41e3a6933654aaa6af5f25c81b4b, type: 3}
      propertyPath: m_LocalEulerAnglesHint.z
      value: 0
      objectReference: {fileID: 0}
    - target: {fileID: 9060945845082945099, guid: 8fac41e3a6933654aaa6af5f25c81b4b, type: 3}
      propertyPath: m_Name
      value: Gate
      objectReference: {fileID: 0}
    m_RemovedComponents: []
  m_SourcePrefab: {fileID: 100100000, guid: 8fac41e3a6933654aaa6af5f25c81b4b, type: 3}
--- !u!4 &2083016741162418380 stripped
Transform:
  m_CorrespondingSourceObject: {fileID: 9060945845082945098, guid: 8fac41e3a6933654aaa6af5f25c81b4b, type: 3}
  m_PrefabInstance: {fileID: 7013985393227200134}
  m_PrefabAsset: {fileID: 0}
